@proceedings{DBLP:conf/sigmod/2009,
  editor    = {Ugur {\c{C}}etintemel and
               Stanley B. Zdonik and
               Donald Kossmann and
               Nesime Tatbul},
  title     = {Proceedings of the {ACM} {SIGMOD} International Conference on Management
               of Data, {SIGMOD} 2009, Providence, Rhode Island, USA, June 29 - July
               2, 2009},
  publisher = {{ACM}},
  year      = {2009},
  isbn      = {978-1-60558-551-2}
}



@inproceedings{XinRZFSS13SIGMOD,
  author    = {Reynold S. Xin and
               Josh Rosen and
               Matei Zaharia and
               Michael J. Franklin and
               Scott Shenker and
               Ion Stoica},
  editor    = {Kenneth A. Ross and
               Divesh Srivastava and
               Dimitris Papadias},
  title     = {Shark: {SQL} and rich analytics at scale},
  booktitle = {Proceedings of the {ACM} {SIGMOD} International Conference on Management
               of Data, {SIGMOD} 2013, New York, NY, USA, June 22-27, 2013},
  year      = {2013},
  pages     = {13--24},
  publisher = {{ACM}}
}

@inproceedings{HalperinACCKMORWWXBHS14SIGMOD,
  author    = {Daniel Halperin and
               Victor Teixeira de Almeida and
               Lee Lee Choo and
               Shumo Chu and
               Paraschos Koutris and
               Dominik Moritz and
               Jennifer Ortiz and
               Vaspol Ruamviboonsuk and
               Jingjing Wang and
               Andrew Whitaker and
               Shengliang Xu and
               Magdalena Balazinska and
               Bill Howe and
               Dan Suciu},
  editor    = {Curtis E. Dyreson and
               Feifei Li and
               M. Tamer {\"{O}}zsu},
  title     = {Demonstration of the Myria big data management service},
  booktitle = {International Conference on Management of Data, {SIGMOD} 2014, Snowbird,
               UT, USA, June 22-27, 2014},
  year      = {2014},
  pages     = {881--884}
}

@inproceedings{GonzalezLGBG12OSDI,
  author    = {Joseph E. Gonzalez and
               Yucheng Low and
               Haijie Gu and
               Danny Bickson and
               Carlos Guestrin},
  title     = {PowerGraph: Distributed Graph-Parallel Computation on Natural Graphs},
  booktitle = {10th {USENIX} Symposium on Operating Systems Design and Implementation,
               {OSDI} 2012, Hollywood, CA, USA, October 8-10, 2012},
  pages     = {17--30},
  year      = {2012}
}

@inproceedings{XinRZFSS13SIGMOD,
  author    = {Reynold S. Xin and
               Josh Rosen and
               Matei Zaharia and
               Michael J. Franklin and
               Scott Shenker and
               Ion Stoica},
  title     = {Shark: {SQL} and rich analytics at scale},
  booktitle = {Proceedings of the {ACM} {SIGMOD} International Conference on Management
               of Data, {SIGMOD} 2013, New York, NY, USA, June 22-27, 2013},
  pages     = {13--24},
  year      = {2013}
}

@inproceedings{ZahariaCDDMMFSS12NSDI,
  author    = {Matei Zaharia and
               Mosharaf Chowdhury and
               Tathagata Das and
               Ankur Dave and
               Justin Ma and
               Murphy McCauly and
               Michael J. Franklin and
               Scott Shenker and
               Ion Stoica},
  title     = {Resilient Distributed Datasets: {A} Fault-Tolerant Abstraction for
               In-Memory Cluster Computing},
  booktitle = {Proceedings of the 9th {USENIX} Symposium on Networked Systems Design
               and Implementation, {NSDI} 2012, San Jose, CA, USA, April 25-27, 2012},
  pages     = {15--28},
  year      = {2012}
}

@article{AbouzeidBARS09PVLDB,
  author    = {Azza Abouzeid and
               Kamil Bajda{-}Pawlikowski and
               Daniel J. Abadi and
               Alexander Rasin and
               Avi Silberschatz},
  title     = {HadoopDB: An Architectural Hybrid of MapReduce and {DBMS} Technologies
               for Analytical Workloads},
  journal   = {{PVLDB}},
  year      = {2009},
  volume    = {2},
  number    = {1},
  pages     = {922--933}
}

@inproceedings{ThusooSJSCZALM10ICDE,
  author    = {Ashish Thusoo and
               Joydeep Sen Sarma and
               Namit Jain and
               Zheng Shao and
               Prasad Chakka and
               Ning Zhang and
               Suresh Anthony and
               Hao Liu and
               Raghotham Murthy},
  title     = {Hive - a petabyte scale data warehouse using Hadoop},
  booktitle = {Proceedings of the 26th International Conference on Data Engineering,
               {ICDE} 2010, March 1-6, 2010, Long Beach, California, {USA}},
  year      = {2010},
  pages     = {996--1005}
}